@article{sharma2016intrauterine,
  title={Intrauterine growth restriction: antenatal and postnatal aspects},
  author={Sharma, Deepak and Shastri, Sweta and Sharma, Pradeep},
  journal={Clinical Medicine Insights: Pediatrics},
  volume={10},
  pages={CMPed--S40070},
  year={2016},
  publisher={SAGE Publications Sage UK: London, England}
}